%% This BibTeX bibliography file was created using BibDesk.
%% http://bibdesk.sourceforge.net/


%% Created for James at 2015-06-13 04:32:44 -0300 


%% Saved with string encoding Unicode (UTF-8) 


@comment{This file has been generated by Pybliographer}



@manual{BibUTFSM2008,
	Address = {Av. Espa{\~n}a 1680},
	Author = {{Comit{\'e} de Coordinaci{\'o}n y Desarrollo Docente}},
	Date-Modified = {2015-06-13 07:29:39 +0000},
	Keywords = {Biblioteca},
	Organization = {UTFSM},
	Title = {Normas Generales para la Presentaci{\'o}n de Memorias de Titulaci{\'o}n},
	Year = 2008}

@book{Lamport94,
	Author = {Leslie Lamport},
	Date-Added = {2012-08-17 01:04:17 +0000},
	Date-Modified = {2013-04-15 01:12:20 +0000},
	Edition = {2},
	Keywords = {LaTeX},
	Month = {July},
	Publisher = {Addison-Wesley Professional},
	Title = {{\LaTeX} A Document Preparation System - User's Guide and Reference Manual},
	Year = 1994}

@webpage{latex:whatis,
	Author = {{LaTeX Project}},
	Date-Modified = {2013-04-14 22:36:01 +0000},
	Howpublished = {\url{http://www.latex-project.org/intro.html}},
	Keywords = {LaTeX},
	Lastchecked = {October 20th., 2015},
	Month = jul,
	Note = {[Acceso Octubre de 2015]},
	Title = {What is {\LaTeX}?},
	Url = {http://www.latex-project.org/intro.html},
	Year = 2015,
	Bdsk-Url-1 = {http://www.latex-project.org/intro.html}}

@webpage{lyx,
	Author = {{LyX Project}},
	Date-Modified = {2015-09-18 00:29:17 +0000},
	Howpublished = {\url{http://www.lyx.org/}},
	Keywords = {LyX},
	Lastchecked = {September 10th.},
	Month = jul,
	Note = {[Acceso Septiembre de 2015]},
	Title = {{L}y{X} - The Document Processor.},
	Url = {http://www.lyx.org/},
	Year = 2015,
	Bdsk-Url-1 = {http://www.lyx.org/}}

@webpage{mactex,
	Author = {{MacTeX}},
	Date-Modified = {2015-09-18 00:20:27 +0000},
	Howpublished = {\url{http://www.tug.org/mactex/}},
	Keywords = {MacTeX},
	Lastchecked = {September 18th.},
	Month = jul,
	Note = {[Acceso Septiembre 2015]},
	Title = {Mactex - {\TeX} User Group},
	Url = {http://www.tug.org/mactex/},
	Year = 2015,
	Bdsk-Url-1 = {http://www.tug.org/mactex/}}

@webpage{miktex,
	Author = {{MikTeX}},
	Date-Added = {2015-09-18 00:11:24 +0000},
	Date-Modified = {2015-10-14 22:30:00 +0000},
	Howpublished = {\url{http://www.miktex.org}},
	Keywords = {MikTeX},
	Lastchecked = {September 18th.},
	Month = jul,
	Note = {[Acceso Septiembre 2015]},
	Title = {Miktex Project Page},
	Url = {http://www.miktex.org},
	Year = 2015,
	Bdsk-Url-1 = {http://wiki.lyx.org},
	Bdsk-Url-2 = {http://www.miktex.org}}

@book{Mittelbach04,
	Address = {Boston, MA, USA},
	Author = {Frank Mittelbach and Michel Goossens and Johannes Braams and David Carlisle and Chris Rowley},
	Date-Modified = {2015-06-13 07:31:55 +0000},
	Edition = {2da.},
	Month = {LaTeX},
	Publisher = {Addison-Wesley},
	Series = {Addison-Wesley Series on Tools and Techniques for Computer Typesetting},
	Title = {The \LaTeX{} Companion},
	Year = 2004}

@manual{Oetiker06,
	Author = {Tobias Oetiker and Hubert Partl and Irene Hyna and Elisabeth Schlegl},
	Date-Modified = {2015-06-13 07:32:42 +0000},
	Edition = {4ta.},
	Keywords = {LaTeX},
	Title = {The Not So Short Introduction to {\LaTeXe}},
	Year = 2006}

@misc{Roberts05,
	Author = {Andrew Roberts},
	Date-Modified = {2013-04-14 22:27:08 +0000},
	Howpublished = {[Online]},
	Note = {\url{http://www.andy-roberts.net/misc/latex/index.html}},
	Title = {Getting to Grips with {\LaTeX}},
	Url = {http://www.andy-roberts.net/misc/latex/index.html},
	Year = 2005,
	Bdsk-Url-1 = {http://www.andy-roberts.net/misc/latex/index.html}}

@webpage{wikilyx,
	Author = {{Wiki LyX}},
	Date-Added = {2012-09-18 00:04:49 +0000},
	Date-Modified = {2012-09-18 00:32:50 +0000},
	Howpublished = {\url{http://wiki.lyx.org}},
	Keywords = {Wiki LyX},
	Lastchecked = {July 20th.},
	Month = jul,
	Note = {[Acceso Junio 2012]},
	Title = {Homepage of the {L}y{X} {W}iki!},
	Url = {http://wiki.lyx.org},
	Year = 2012,
	Bdsk-Url-1 = {http://wiki.lyx.org}}
